%%% Biber accepts '%' for marking comments

@online{OpenCVBackgroundSubtraction,
    author={OpenCV},
    title={How to Use Background Subtraction Methods},
	url={https://docs.opencv.org/3.4/d1/dc5/tutorial_background_subtraction.html},
	date={2021-09-09},
	urldate={2021-09-14},
	langid={ngerman}
}

@article{OpticalFlow1980,
	title={Determining optical flow},
  author={Horn, Berthold KP and Schunck, Brian G},
  journal={Artificial intelligence},
  volume={17},
  number={1-3},
  pages={185--203},
  year={1981},
  publisher={Elsevier}
}

@online{FeatureMatchingOnline,
    author={Tyagi, Deepanshu},
    title={Introduction To Feature Detection And Matching},
	url={https://medium.com/data-breach/introduction-to-feature-detection-and-matching-65e27179885d},
	date={2019-01-03},
	urldate={2021-09-16},
	langid={ngerman}
}

@article{FeatureMatchingArticleEfficientAlgorithmsFor,
	  title={Efficient algorithms for robust feature matching},
  author={Mount, David M and Netanyahu, Nathan S and Le Moigne, Jacqueline},
  journal={Pattern recognition},
  volume={32},
  number={1},
  pages={17--38},
  year={1999},
  publisher={Elsevier}
}

@article{FeatureMatchingSIFT,
	title={Distinctive image features from scale-invariant keypoints},
  author={Lowe, David G},
  journal={International journal of computer vision},
  volume={60},
  number={2},
  pages={91--110},
  year={2004},
  publisher={Springer}
}

@article{FeatureMatchingHarrisCorner,
	title={The harris corner detector},
  author={Derpanis, Konstantinos G},
  journal={York University},
  volume={2},
  year={2004},
  publisher={Citeseer}
}

@inproceedings{FeatureMatchingFAST,
	title={Machine learning for high-speed corner detection},
  author={Rosten, Edward and Drummond, Tom},
  booktitle={European conference on computer vision},
  pages={430--443},
  year={2006},
  organization={Springer}
}

@article{FeatureMatchingFLANN,
	title={Fast approximate nearest neighbors with automatic algorithm configuration.},
  author={Muja, Marius and Lowe, David G},
  journal={VISAPP (1)},
  volume={2},
  number={331-340},
  pages={2},
  year={2009}
}

@online{NeuralNetwork,
	author={IBM},
	title={Convolutional Neural Networks},
	url={https://www.ibm.com/cloud/learn/convolutional-neural-networks},
	date={2020-08-20},
	urldate={2021-11-08},
	langid={english}
}

@book{ComputerVisionOpenCVBook,
	doi = {10.1007/978-1-4842-2775-6},
	url = {https://doi.org/10.1007%2F978-1-4842-2775-6},
	year = 2017,
	publisher = {Apress},
	author = {Bryan WC Chung},
	title = {Pro Processing for Images and Computer Vision with {OpenCV}}
}

@software{OpenCV,
	title={OpenCV},
	url={https://opencv.org/},
	langid={english}
}

@inproceedings{FeatureMatchingBruteForce,
	title={Image feature matching and object detection using brute-force matchers},
  author={Jakubovi{\'c}, Amila and Velagi{\'c}, Jasmin},
  booktitle={2018 International Symposium ELMAR},
  pages={83--86},
  year={2018},
  organization={IEEE}
}

@INPROCEEDINGS{YOLOOfficialPub,
  author={Redmon, Joseph and Divvala, Santosh and Girshick, Ross and Farhadi, Ali},
  booktitle={2016 IEEE Conference on Computer Vision and Pattern Recognition (CVPR)}, 
  title={You Only Look Once: Unified, Real-Time Object Detection}, 
  year={2016},
  volume={},
  number={},
  pages={779-788},
  doi={10.1109/CVPR.2016.91}
}

@article{FeedForwardElsevier,
	title={Introduction to multi-layer feed-forward neural networks},
  author={Svozil, Daniel and Kvasnicka, Vladimir and Pospichal, Jiri},
  journal={Chemometrics and intelligent laboratory systems},
  volume={39},
  number={1},
  pages={43--62},
  year={1997},
  publisher={Elsevier}
}

@article{RecurrentNeuralNetworks,
	title={A guide to recurrent neural networks and backpropagation},
    author={Boden, Mikael},
    journal={the Dallas project},
    year={2002}
}

@article{ConvolutionalNeuralNetworks,
	author = {O'Shea, Keiron and Nash, Ryan},
    year = {2015},
    month = {11},
    pages = {},
    title = {An Introduction to Convolutional Neural Networks},
    journal = {ArXiv e-prints}
}

@inproceedings{ObjectDetectionNeuralNetworks,
    title={Object detection using convolutional neural networks},
  author={Galvez, Reagan L and Bandala, Argel A and Dadios, Elmer P and Vicerra, Ryan Rhay P and Maningo, Jose Martin Z},
  booktitle={TENCON 2018-2018 IEEE Region 10 Conference},
  pages={2023--2027},
  year={2018},
  organization={IEEE}
}

@article{SupervisedMachineLearning,
    author = {Nasteski, Vladimir},
    year = {2017},
    month = {12},
    pages = {51-62},
    title = {An overview of the supervised machine learning methods},
    volume = {4},
    journal = {HORIZONS.B},
    doi = {10.20544/HORIZONS.B.04.1.17.P05}
}

@inproceedings{VideoSurveillance,
  author={Gajjar, Vandit and Khandhediya, Yash and Gurnani, Ayesha},
  booktitle={2017 IEEE International Conference on Computer Vision Workshops (ICCVW)}, 
  title={Human Detection and Tracking for Video Surveillance: A Cognitive Science Approach}, 
  year={2017},
  volume={},
  number={},
  pages={2805-2809},
  doi={10.1109/ICCVW.2017.330}
}

@INPROCEEDINGS{AutonomousDriving,
  author={Bimbraw, Keshav},
  booktitle={2015 12th International Conference on Informatics in Control, Automation and Robotics (ICINCO)}, 
  title={Autonomous cars: Past, present and future a review of the developments in the last century, the present scenario and the expected future of autonomous vehicle technology}, 
  year={2015},
  volume={01},
  number={},
  pages={191-198},
  doi={}
}

 @misc{WikipediaComputerV,
   author = "Wikipedia",
   title = "Computer Vision --- Wikipedia{,} die freie Enzyklop√§die",
   year = "2021",
   url = "https://de.wikipedia.org/w/index.php?title=Computer_Vision&oldid=216733361",
   note = "[Online; Stand 17. November 2021]"
 }
 
 @online{ObjectDetectionIntroductionOnline,
	author={Zhao, Nathan},
	title={Understanding Objectness in Object Detection Models},
	url={https://medium.com/@zhao.nathan/understanding-objectness-in-object-detection-models-5d8c9d032488},
	date={2020-08-14},
	urldate={2021-11-17},
	langid={english}
}

@article{ObjectDetectionReview,
  title={Object detection with deep learning: A review},
  author={Zhao, Zhong-Qiu and Zheng, Peng and Xu, Shou-tao and Wu, Xindong},
  journal={IEEE transactions on neural networks and learning systems},
  volume={30},
  number={11},
  pages={3212--3232},
  year={2019},
  publisher={IEEE}
}

@article{FacialRecognition,
  title={A study of techniques for facial detection and expression classification},
  author={Hemalatha, G and Sumathi, CP},
  journal={International Journal of Computer Science and Engineering Survey},
  volume={5},
  number={2},
  pages={27},
  year={2014},
  publisher={Citeseer}
}

@inproceedings{FeaturesHOG,
  title={Histograms of oriented gradients for human detection},
  author={Dalal, Navneet and Triggs, Bill},
  booktitle={2005 IEEE computer society conference on computer vision and pattern recognition (CVPR'05)},
  volume={1},
  pages={886--893},
  year={2005},
  organization={IEEE}
}

@inproceedings{FeaturesHaarLike,
  title={An extended set of haar-like features for rapid object detection},
  author={Lienhart, Rainer and Maydt, Jochen},
  booktitle={Proceedings. international conference on image processing},
  volume={1},
  pages={I--I},
  year={2002},
  organization={IEEE}
}

@inproceedings{FeaturesReview,
  title={A review of feature detection and match algorithms for localization and mapping},
  author={Li, Shimiao},
  booktitle={IOP Conference Series: Materials Science and Engineering},
  volume={231},
  number={1},
  pages={012003},
  year={2017},
  organization={IOP Publishing}
}

@online{OpenCVHaarLike,
    author={OpenCV},
    title={Cascade Classifiers},
	url={https://docs.opencv.org/4.x/db/d28/tutorial_cascade_classifier.html},
	date={2021-12-08},
	urldate={2021-12-08},
	langid={ngerman}
}

@online{KerasRetinaNet,
    author={Srihari Humbarwadi},
    title={Object Detection with RetinaNet},
	url={https://keras.io/examples/vision/retinanet/},
	date={2020-07-14},
	urldate={2021-12-08},
	langid={ngerman}
}

@article{KerasPyramidNet,
  author    = {Tsung{-}Yi Lin and
               Piotr Doll{\'{a}}r and
               Ross B. Girshick and
               Kaiming He and
               Bharath Hariharan and
               Serge J. Belongie},
  title     = {Feature Pyramid Networks for Object Detection},
  journal   = {CoRR},
  volume    = {abs/1612.03144},
  year      = {2016},
  url       = {http://arxiv.org/abs/1612.03144},
  eprinttype = {arXiv},
  eprint    = {1612.03144},
  timestamp = {Mon, 13 Aug 2018 16:48:50 +0200},
  biburl    = {https://dblp.org/rec/journals/corr/LinDGHHB16.bib},
  bibsource = {dblp computer science bibliography, https://dblp.org}
}

@online{TensorFlowObj,
    author={The TensorFlow Hub Authors},
    title={Object Detection},
	url={https://www.tensorflow.org/hub/tutorials/object_detection},
	date={2021-07-29},
	urldate={2021-12-08},
	langid={ngerman}
}

@online{ImageJ,
    author={Laurent, Thomas},
    title={Template Matching, How does it work},
	url={https://github.com/multi-template-matching/MultiTemplateMatching-Fiji/wiki/Template-Matching%2C-How-does-it-work},
	date={2021-04-26},
	urldate={2021-12-09},
	langid={ngerman}
}